@phdthesis{Allan:2006,
   author = {Allan, J. M.},
   title = {Design and testing of a SAR simulation system},
   school = {University of Calgary},
   year = {2006},
   type = {Thesis}
}

@article{Bustos:2009,
   author = {Bustos, O. H. and Flesia, A. G. and Frery, A. C. and Lucini, M. M.},
   title = {Simulation of spatially correlated clutter fields},
   journal = {Commun. in Stat -- Simul and Comput.},
   volume = {38},
   number = {10},
   pages = {2134--2151},
   year = {2009},
   type = {Journal Article}
}

@article{Collins:2009,
   author = {Collins, M. J. and Allan, J. M.},
   title = {Modeling and Simulation of SAR Image Texture},
   journal = {{IEEE} Trans. Geosci. Remote Sensing},
   volume = {47},
   number = {10},
   pages = {3530--3546},
   year = {2009},
   type = {Journal Article}
}

@article{Conte:1987,
   author = {Conte, E. and Longo, M.},
   title = {Characterisation of radar clutter as a spherically invariant random process},
   journal = {IEE Proc. F -- Commun. Radar \& Sign. Proces.},
   volume = {134},
   number = {2},
   pages = {191--197},
   year = {1987},
   type = {Journal Article}
}

@article{Delignon:2002,
   author = {Delignon, Y. and Pieczynski, W.},
   title = {Modeling non-{R}ayleigh speckle distribution in {SAR} images},
   journal = {{IEEE} Trans. Geosci. Remote Sensing},
   volume = {40},
   number = {6},
   pages = {1430--1435},
   year = {2002},
   type = {Journal Article}
}

@article{Deng:RandomWalk2016,
   author = {Deng, X. and L\'{o}pez-Mart\'{i}nez, C. and Varona, E. M.},
   title = {A Physical Analysis of Polarimetric {SAR} Data Statistical Models},
   journal = {{IEEE} Trans. Geosci. Remote Sensing},
   volume = {54},
   number = {5},
   pages = {3035--3048},
   year = {2016},
   type = {Journal Article}
}

@article{Devore:2001,
   author = {Devore, M. D. and O'Sullivan, J. A.},
   title = {Statistical assessment of model fit for synthetic aperture radar data},
   journal = {Proc. SPIE Conf. Algorithms SAR Imagery VIII},
   pages = {379--388},
   year = {2001},
   type = {Journal Article}
}

@article{Devore:2004,
   author = {Devore, M. D. and O'Sullivan, J. A.},
   title = {Quantitative statistical assessment of conditional models for synthetic aperture radar},
   journal = {{IEEE} Trans. Image Processing},
   volume = {13},
   number = {2},
   pages = {113--25},
   year = {2004},
   type = {Journal Article}
}

@article{Eltoft:2005,
   author = {Eltoft, T.},
   title = {The {R}ician inverse {G}aussian distribution: a new model for non-{R}ayleigh signal amplitude statistics},
   journal = {{IEEE} Trans. Image Processing},
   volume = {14},
   number = {11},
   pages = {1722--1735},
   year = {2005},
   type = {Journal Article}
}

@article{Frery:1997,
   author = {Frery, A. C. and Muller, H.-J. and Yanasse, C. C. F. and Sant'Anna, S. J. S.},
   title = {A model for extremely heterogeneous clutter},
   journal = {{IEEE} Trans. Geosci. Remote Sensing},
   volume = {35},
   number = {3},
   pages = {648--659},
   year = {1997},
   type = {Journal Article}
}

@book{Goodman:2007,
   author = {Goodman, J. W.},
   title = {Speckle Phenomena in Optics: Theory and Applications},
   publisher = {Ben Roberts \& Company},
   year = {2007},
   type = {Book}
}

@article{Jacovitti:1992,
   author = {Jacovitti, G. and Cusani, R.},
   title = {Performance of normalized correlation estimators for complex processes},
   journal = {{IEEE} Trans. Signal Processing},
   volume = {40},
   number = {1},
   pages = {114--128},
   year = {1992},
   type = {Journal Article}
}

@article{Jacovitti:1994,
   author = {Jacovitti, G. and Neri, A.},
   title = {Estimation of the autocorrelation function of complex Gaussian stationary processes by amplitude
   clipped signals},
   journal = {{IEEE} Trans. Inform. Theory},
   volume = {40},
   number = {1},
   pages = {239--245},
   year = {1994},
   type = {Journal Article}
}

@article{Jakeman:1980,
author    = {E. Jakeman},
  title     = {On the statistics of {K}-distributed noise},
  journal   = {J. Phys. A, Math. Gen.},
  year      = {1980},
  volume    = {13},
  number    = {1},
  pages     = {31--48},
  month     = {jan},
  doi       = {10.1088/0305-4470/13/1/006},
  file      = {:art80_pdf/OntheStatisticsofKDistributedNoise1980.pdf:PDF},
  publisher = {{IOP} Publishing},
}

@article{Jakeman:1999,
   author = {Jakeman, E},
   title = {{K}-distributed noise},
   journal = {J. Opt. A: Pure Appl. Opt.},
   volume = {1},
   number = {S},
   pages = {784--789},
   year = {1999},
   type = {Journal Article}
}

@article{Jakeman:1976,
   author = {Jakeman, E. and Pusey, P. N.},
   title = {A model for non-Rayleigh sea echo},
   journal = {{IEEE} Trans. Antennas Propagat.},
   volume = {24},
   number = {6},
   pages = {806--814},
   year = {1976},
   type = {Journal Article}
}

@article{Jakeman:1987,
   author = {Jakeman, E. and Tough, R. J. A.},
   title = {Generalized {K} distribution: a statistical model for weak scattering},
   journal = {J. Opt. Soc. Am. A},
   volume = {4},
   number = {9},
   pages = {1764--1772},
   year = {1987},
   type = {Journal Article}
}

@book{Kullback:1959,
   author = {Kullback, S.},
   title = { Information Theory and Statistics},
   publisher = {Dover Publications},
   year = {1959},
   type = {Book}
}

@article{Kuruoglu:2004,
   author = {Kuruo{\u g}lu, E. E. and Zerubia, J.},
   title = {Modeling {SAR} images with a generalization of the {R}ayleigh distribution},
   journal = {{IEEE} Trans. Image Processing},
   volume = {13},
   number = {4},
   pages = {527--533},
   year = {2004},
   type = {Journal Article}
}


@article{Li:2010,
   author = {Li, H.-C. and Hong, W. and Wu, Y.-R. and Fan, P.-Z.},
   title = {An Efficient and Flexible Statistical Model Based on {G}eneralized {G}amma Distribution for Amplitude {SAR} Images},
   journal = {{IEEE} Trans. Geosci. Remote Sensing},
   volume = {48(6)},
   number = {48},
   pages = {2711-2722},
   year = {2010},
   type = {Journal Article}
}

@article{Li:2011,
   author = {Li, H.-C. and Hong, W. and Wu, Y.-R. and Fan, P.-Z.},
   title = {On the Empirical-Statistical Modeling of {SAR} Images With {G}eneralized {G}amma Distribution},
   journal = {{IEEE} J. Sel. Top. Sign. Proces.},
   volume = {5},
   number = {3},
   pages = {386--397},
   year = {2011},
   type = {Journal Article}
}

@book{Miller:1974,
   author = {Miller, K. S.},
   title = { Complex Stochastic Processes: An Introduction to Theory and Application},
   publisher = {Addison-Wesley},
   address = {Massachusetts.},
   year = {1974},
   type = {Book}
}

@book{Moser:2006,
   author = {Moser, G. and Zerubia, J. and Serpico, S. B.},
   title = {{SAR} amplitude probability density function estimation based on a generalized {G}aussian model},
   publisher = {IEEE Press},
   pages = {1429--42},
   year = {2006},
   type = {Book}
}

@article{Nicolas:2002,
   author = {Nicolas, J. M.},
   title = {Introduction to second kind statistics: application of Log-moments and Log-cumulants to {SAR} image
   law analysis},
   journal = {Trait. Signal},
   volume = {19(3)},
   pages = {139--167},
   year = {2002},
   type = {Journal Article}
}

@book{Oliver:2004,
   author = {Oliver, C. and Quegan, S.},
   title = {Understanding Synthetic Aperture Radar Images},
   publisher = {SciTech Publishing, Inc.},
   address = {Raleigh,USA},
   year = {2004},
   type = {Book}
}

@book{Papoulis:2002,
   author = {Papoulis, A. and Pillai, S. U.},
   title = {Probability, Random Variables, and Stochastic Processes, Fourth Edition},
   publisher = {McGraw-Hill Education},
   address = {New York, USA},
   year = {2002},
   type = {Book}
}

@article{Sant:2008,
   author = {Sant'Anna, S. J. S. and Lacava, J. C. S. and Fernandes, D.},
   title = {From {M}axwell's Equations to Polarimetric {SAR} Images: A Simulation Approach},
   journal = {Sensors},
   volume = {8},
   number = {11},
   pages = {7380--7409},
   year = {2008},
   type = {Journal Article}
}

@conference{Yue:2019a,
   author = {Yue, D.-X. and Xu, F. and Frery, A. C. and Jin, Y.-Q.},
   title = {{SAR} Image Generation with Semantic-Statistical Convolution},
   year = {2019},
   type = {Conference Paper},
   booktitle = {Proc. IEEE IGARSS,Yokohama, Japan},
}

@unpublished{Yue:2019b,
   author = {Yue, D.-X. and Xu, F. and Jin, Y.-Q.},
   title = {An overview of {SAR} statistical modeling},
   note = {{IEEE} Geosci. Remote Sens. Mag.,Submitted for publication},
   year = {2019},
}

@article{Zhou:2011,
   author = {Zhou, T. and Wang, J.},
   title = {Overview of alpha-stable Distribution},
   journal = {Audio Eng.},
   volume = {35},
   number = {3},
   pages = {57--60},
   year = {2011},
   type = {Journal Article}
}

@Article{jakeman87,
	author  = {Jakeman, E. and Tough, R. J. A.},
	title   = {Generalized {K} distribution: a statistical model for weak scattering},
	journal = {J. Opt. Soc. Am. A},
	year    = {1987},
	volume  = {4},
	number  = {9},
	pages   = {1764--1772},
	month   = sep,
	doi     = {10.1364/JOSAA.4.001764},
}


@InCollection{ChapterGoodman,
	Title                    = {Statistical properties of laser speckle patterns},
	Author                   = {Goodman, J. W.},
	Booktitle                = {Laser speckle and related phenomena},
	Publisher                = {Springer-Verlag},
	Year                     = {1982},
	
	Address                  = {Berlin},
	Chapter                  = {2},
	Editor                   = {J. C. Dainty},
	Pages                    = {9--74},
}


@Book{ProbabilityTheoryandExamples2005,
	title     = {Probability: Theory and Examples},
	publisher = {Thompson},
	year      = {2005},
	author    = {R. Durrett},
	edition   = {3},
}


@Article{SimulationPropertiesStableLaw,
	author    = {L. Devroye and L. James},
	journal   = {Stat. Methods Appl.},
	pages     = {307--343},
	title     = {On simulation and properties of the stable law},
	volume    = {23},
	year      = {2014},
	number    = {3},
	month     = {mar},
	doi       = {10.1007/s10260-014-0260-0},
	publisher = {Springer Nature},
}
