@comment{jabref-meta: databaseType:bibtex;}

@article{Sigaki2018History,
	Author = {Higor Y. D. Sigaki and Matja{\v{z}} Perc and Haroldo V. Ribeiro},
	Journal = {Proceedings of the National Academy of Sciences},
	Pages = {E8585--E8594},
	Title = {History of art paintings through the lens of entropy and complexity},
	Volume = {115},
	Number = {37},
	Year = {2018}}
	
@article{He1991Texture,
	Author = {D.-C. He and L. Wang},
	Journal = {Pattern Recognition},
	Pages = {391--399},
	Title = {Texture features based on texture spectrum},
	Volume = {24},
	Number = {5},
	Year = {1991}}
	
@article{Bandt2002Permutation,
	Author = {Bandt, C. and Pompe, B.},
	Journal = {Physical review letters},
	Pages = {174102},
	Title = {Permutation Entropy: A Natural Complexity Measure for Time Series},
	Volume = {88},
	Number = {},
	Year = {2002}}
	
@article{Larrondo2006Random,
	Author = {H.A. Larrondo and M.T. Martín and C.M. González and A. Plastino and O.A. Rosso},
	Journal = {Physics Letters A},
	Pages = {421 - 425},
	Title = {Random number generators and causality},
	Volume = {352},
	Number = {4},
	Year = {2006}}
	
@article{Ravetti2014noise,
	Author = {M. G. Ravetti and L. C. Carpi and B. A. Gon{\c c}alves and A. C. Frery and O. A. Rosso},
	Journal = {PLOS ONE},
	Pages = {1--15},
	Title = {Distinguishing noise from chaos: objective versus subjective criteria using {H}orizontal {V}isibility {G}raph},
	Volume = {9},
	Number = {9},
	Year = {2014}}
	
@article{Fadlallah2013Weightedpermutation,
	Author = {Bilal H. Fadlallah and Badong Chen and Andreas Keil and Jos{\'e} Carlos Pr{\'i}ncipe},
	Journal = {Physical review. E, Statistical, nonlinear, and soft matter physics},
	Pages = {022911},
	Title = {Weighted-permutation entropy: a complexity measure for time series incorporating amplitude information.},
	Volume = {87 2},
	Number = {},
	Year = {2013}}
	
@article{McCullough2015lagged,
	Author = {McCullough,Michael  and Small,Michael  and Stemler,Thomas  and Iu,Herbert Ho-Ching},
	Journal = {Chaos: An Interdisciplinary Journal of Nonlinear Science},
	Pages = {053101},
	Title = {Time lagged ordinal partition networks for capturing dynamics of continuous dynamical systems},
	Volume = {25},
	Number = {5},
	Year = {2015}}
	
@article{Kulp2016ordinal,
	Author = {Kulp,Christopher W.  and Chobot,Jeremy M.  and Freitas,Helena R.  and Sprechini,Gene D. },
	Journal = {Chaos: An Interdisciplinary Journal of Nonlinear Science},
	Pages = {073114},
	Title = {Using ordinal partition transition networks to analyze ECG data},
	Volume = {26},
	Number = {7},
	Year = {2016}}
	
@article{Sorrentino2015periodic,
	Author = {Sorrentino, Taciano and Quintero-Quiroz, Carlos and Aragoneses, Andres and Torrent, M.C. and Masoller, Cristina },
	Journal = {Optics Express},
	Pages = {},
	Title = {Effects of periodic forcing on the temporally correlated spikes of a semiconductor laser with feedback},
	Volume = {23},
	Number = {},
	Year = {2015}}
	
@article{Lee1994Texture,
	Author = {Jia-Hong Lee and Yuang-Cheh Hsueh},
	Journal = {Pattern Recognition Letters},
	Pages = {1241 - 1244},
	Title = {Texture classification method using multiple space filling curves},
	Volume = {15},
	Number = {12},
	Year = {1994}}

@inproceedings{Zhang2017ConstructingOP,
	Author = {Jiayang Zhang and Jie Zhou and Ming Tang and Heng Guo and Michael Small and Yong Zou},
	Booktitle = {Scientific Reports},
	Pages = {},
	Title = {Constructing ordinal partition transition networks from multivariate time series},
	Volume = {},
	Year = {2017}}

@inbook{Gray1990Entropy,
	Address = {Berlin, Heidelberg},
	Author = {Gray, R. M.},
	Publisher = {Springer-Verlag},
	Title = {Entropy and Information Theory},
	Year = {1990}}
	
@article{Feldman2008information,
	Author = {Feldman, D. P.  and McTague, C. S.  and Crutchfield, J. P. },
	Journal = {Chaos: An Interdisciplinary Journal of Nonlinear Science},
	Pages = {043106},
	Title = {The organization of intrinsic computation: Complexity-entropy diagrams and the diversity of natural information processing},
	Volume = {18},
	Number = {4},
	Year = {2008}}
	
@article{Feldman1998Statistical,
	Author = {D. P. Feldman and J. P. Crutchfield},
	Journal = {Physics Letters A},
	Pages = {244--252},
	Title = {Measures of statistical complexity: Why?},
	Volume = {238},
	Number = {4},
	Year = {1998}}
	
@article{Lopez1995statistical,
	Author = {R. L\'opez-Ruiz and H. L. Mancini and X. Calbet},
	Journal = {Physics Letters A},
	Pages = {321 - 326},
	Title = {A statistical measure of complexity},
	Volume = {209},
	Number = {5},
	Year = {1995}}

@inproceedings{Nguyen1982SpaceFC,
  title={Space filling curves and texture analysis},
  author={Phu Thien Nguyen and Joel Quinqueton},
  year={1982}
}

@article{Pottier2004Unsupervised,
	Author = {{Jong-Sen Lee} and M. R. {Grunes} and E. {Pottier} and L. {Ferro-Famil}},
	Journal = {IEEE Transactions on Geoscience and Remote Sensing},
	Pages = {722-731},
	Title = {Unsupervised terrain classification preserving polarimetric scattering characteristics},
	Volume = {42},
	Number = {4},
	Year = {2004}}

@article{Bhattacharya2018Unsupervised,
	Author = {D. {Ratha} and A. {Bhattacharya} and A. C. {Frery}},
	Journal = {IEEE Geoscience and Remote Sensing Letters},
	Pages = {151-155},
	Title = {Unsupervised Classification of PolSAR Data Using a Scattering Similarity Measure Derived From a Geodesic Distance},
	Volume = {15},
	Number = {1},
	Year = {2018}}

@article{Chen1996multifrequency,
	Author = {K. S. {Chen} and W. P. {Huang} and D. H. {Tsay} and F. {Amar}},
	Journal = {IEEE Transactions on Geoscience and Remote Sensing},
	Pages = {814-820},
	Title = {Classification of multifrequency polarimetric SAR imagery using a dynamic learning neural network},
	Volume = {34},
	Number = {3},
	Year = {1996}}

@article{ZYL1992Bayesian,
	Author = {J. J.   VAN ZYL  and  C. F.   BURNETTE},
	Journal = {International Journal of Remote Sensing},
	Pages = {835-840},
	Title = {Bayesian classification of polarimetric SAR images using adaptive a priori probabilities},
	Volume = {13},
	Number = {5},
	Year = {1992}}
	
@inproceedings{Lee1992Wishart,
  title={Classification of multi-look polarimetric SAR data based on complex Wishart distribution},
  author={J. S. {Lee} and M. R. {Grunes}},
  year={1992}
}
	
@inproceedings{Moriyama2004study,
  title={A study on extraction of urban areas from polarimetric Synthetic Aperture Radar image},
  author={T. {Moriyama} and S. {Uratsuka} and T. {Umehara} and M. {Satake} and A. {Nadai} and H. {Maeno} and K. {Nakamura} and Y. {Yamaguchi}},
  year={2004}
}
	
@inproceedings{Fujita2004Polarimetric,
  title={Polarimetric feature of small urban area measured with SIR-C},
  author={M. {Fujita} and Y. {Miho}},
  year={2004}
}
