@inproceedings{Wang2019Review, 
author={H. {Wang} and F. {Xu} and Y. {Jin}}, 
booktitle={IGARSS 2019 - 2019 IEEE International Geoscience and Remote Sensing Symposium}, 
title={A Review of Polsar Image Classification: from Polarimetry to Deep Learning}, 
year={2019}, 
volume={}, 
number={}, 
pages={3189-3192}, 
keywords={convolutional neural nets;geophysical image processing;image classification;learning (artificial intelligence);radar imaging;radar polarimetry;synthetic aperture radar;terrain mapping;supervised terrain classification;PolSAR images;deep learning based method;PolSAR terrain classification;terrain surface classification;polarimetric SAR data;PolSAR image classification algorithms;deep learning algorithm;PolSAR data classification;deep convolutional neural network;Polarimetric synthetic aperture radar;image classification;deep learning}, 
doi={10.1109/IGARSS.2019.8899902}, 
ISSN={2153-6996}, 
month={July},}

@article{cloude1997entropy,
  title={An entropy based classification scheme for land applications of polarimetric SAR},
  author={Cloude, Shane R and Pottier, Eric},
  journal={IEEE transactions on geoscience and remote sensing},
  volume={35},
  number={1},
  pages={68--78},
  year={1997},
  publisher={IEEE}
}

@article{Freeman1998three, 
author={A. {Freeman} and S. L. {Durden}}, 
journal={IEEE Transactions on Geoscience and Remote Sensing}, 
title={A three-component scattering model for polarimetric SAR data}, 
year={1998}, 
volume={36}, 
number={3}, 
pages={963-973}, 
keywords={geophysical techniques;forestry;remote sensing by radar;radar cross-sections;synthetic aperture radar;radar polarimetry;radar theory;backscatter;geophysical measurement technique;land surface;terrain mapping;radar remote sensing;vegetation mapping;forest;radar polarimetry;three-component scattering model;radar scattering;polarimetric SAR;synthetic aperture radar;canopy scatter;randomly oriented dipoles;double-bounce scatter;orthogonal surface;Bragg scatter;rough surface;composite scattering model;backscatter;tropical rain forest;flooding;inundation;Radar scattering;Backscatter;Rough surfaces;Surface roughness;Surface fitting;Clouds;Dielectric constant;Rain;NASA;Propulsion}, 
doi={10.1109/36.673687}, 
ISSN={1558-0644}, 
month={May},}

@article{yamaguchi2005four,
  title={Four-component scattering model for polarimetric SAR image decomposition},
  author={Yamaguchi, Yoshio and Moriyama, Toshifumi and Ishido, Motoi and Yamada, Hiroyoshi},
  journal={IEEE Transactions on Geoscience and Remote Sensing},
  volume={43},
  number={8},
  pages={1699--1706},
  year={2005},
  publisher={IEEE}
}

@article{xu2005deorientation,
  title={Deorientation theory of polarimetric scattering targets and application to terrain surface classification},
  author={Xu, Feng and Jin, Ya-Qiu},
  journal={IEEE Transactions on Geoscience and Remote Sensing},
  volume={43},
  number={10},
  pages={2351--2364},
  year={2005},
  publisher={IEEE}
}

@article{zhou2016polarimetric,
  title={Polarimetric SAR image classification using deep convolutional neural networks},
  author={Zhou, Yu and Wang, Haipeng and Xu, Feng and Jin, Ya-Qiu},
  journal={IEEE Geoscience and Remote Sensing Letters},
  volume={13},
  number={12},
  pages={1935--1939},
  year={2016},
  publisher={IEEE}
}

@article{chen2018polsar,
  title={PolSAR image classification using polarimetric-feature-driven deep convolutional neural network},
  author={Chen, Si-Wei and Tao, Chen-Song},
  journal={IEEE Geoscience and Remote Sensing Letters},
  volume={15},
  number={4},
  pages={627--631},
  year={2018},
  publisher={IEEE}
}

@article{zhang2017complex,
  title={Complex-valued convolutional neural network and its application in polarimetric SAR image classification},
  author={Zhang, Zhimian and Wang, Haipeng and Xu, Feng and Jin, Ya-Qiu},
  journal={IEEE Transactions on Geoscience and Remote Sensing},
  volume={55},
  number={12},
  pages={7177--7188},
  year={2017},
  publisher={IEEE}
}

@inproceedings{ahluwalia2016urban,
  title={Urban area mapping from polarimetric SAR data using fuzzy inference system},
  author={Ahluwalia, Asmeet and Manickam, Surendar and Bhattacharya, Avik and Porwal, Alok},
  booktitle={Land Surface and Cryosphere Remote Sensing III},
  volume={9877},
  pages={987721},
  year={2016},
  organization={International Society for Optics and Photonics}
}

@article{aghababaee2013urban,
  title={Urban area extraction in SAR data},
  author={Aghababaee, H and Niazmardi, S and Amini, J},
  journal={ISPRS-International Archives of the Photogrammetry, Remote Sensing and Spatial Information Sciences},
  number={3},
  pages={1--5},
  year={2013}
}

@inproceedings{xia2006urban,
  title={Urban extraction from SAR images using local statistical characteristics and gaussian markov random field mod},
  author={Xia, Gui-song and He, Chu and Yu, Lei and Sun, Hong},
  booktitle={2006 8th international Conference on Signal Processing},
  volume={2},
  year={2006},
  organization={IEEE}
}

@inproceedings{azmedroub2015urban,
  title={Urban areas detection using polarimetric SAR images},
  author={Azmedroub, Boussad and Ouarzeddine, Mounira},
  booktitle={2015 IEEE International Geoscience and Remote Sensing Symposium (IGARSS)},
  pages={3227--3230},
  year={2015},
  organization={IEEE}
}

@inproceedings{storie2012urban,
  title={Urban boundary extraction using 2-component polarimetric SAR decomposition},
  author={Storie, Christopher D and Storie, Joni and de Salmuni, Graciela Salinas},
  booktitle={2012 IEEE International Geoscience and Remote Sensing Symposium},
  pages={5741--5744},
  year={2012},
  organization={IEEE}
}

@article{wu2014urban,
  title={Urban area man-made target detection for PolSAR data based on a nonzero-mean statistical model},
  author={Wu, Wenchuan and Guo, Huadong and Li, Xin},
  journal={IEEE Geoscience and Remote Sensing Letters},
  volume={11},
  number={10},
  pages={1782--1786},
  year={2014},
  publisher={IEEE}
}

@article{ratha2019novel,
  title={Novel Techniques for Built-Up Area Extraction From Polarimetric SAR Images},
  author={Ratha, Debanshu and Gamba, Paolo and Bhattacharya, Avik and Frery, Alejandro C},
  journal={IEEE Geoscience and Remote Sensing Letters},
  year={2019},
  publisher={IEEE}
}

@inproceedings{hansch2019online,
  title={Online Random Forests for Urban Area Classification from Polarimetric SAR Images},
  author={H{\"a}nsch, Ronny and Hellwich, Olaf},
  booktitle={2019 Joint Urban Remote Sensing Event (JURSE)},
  pages={1--4},
  year={2019},
  organization={IEEE}
}

@inproceedings{lisini2015improved,
  title={Improved extraction of urban extents from ASAR Wide Swath data},
  author={Lisini, Gianni and Gamba, Paolo and Du, Pejun},
  booktitle={2015 Joint Urban Remote Sensing Event (JURSE)},
  pages={1--4},
  year={2015},
  organization={IEEE}
}

@article{gamba2013fast,
  title={Fast and efficient urban extent extraction using ASAR wide swath mode data},
  author={Gamba, Paolo and Lisini, Gianni},
  journal={IEEE Journal of Selected Topics in Applied Earth Observations and Remote Sensing},
  volume={6},
  number={5},
  pages={2184--2195},
  year={2013},
  publisher={IEEE}
}

@inproceedings{zou2019discrimination,
  title={Discrimination of forests and man-made targets in SAR images based on spectrum analysis},
  author={Zou, Bin and Li, Weike and Xin, Yu and Zhang, Lamei},
  booktitle={Automatic Target Recognition XXIX},
  volume={10988},
  pages={1098806},
  year={2019},
  organization={International Society for Optics and Photonics}
}

@article{kajimoto2012urban,
  title={Urban-area extraction from polarimetric SAR images using polarization orientation angle},
  author={Kajimoto, Muneyoshi and Susaki, Junichi},
  journal={IEEE Geoscience and Remote Sensing Letters},
  volume={10},
  number={2},
  pages={337--341},
  year={2012},
  publisher={IEEE}
}

@inproceedings{liu2010urban,
  title={Urban area extraction from polarimetric SAR imagery using only positive samples},
  author={Liu, Ying and Yang, Wen and Xu, Xin and Sun, Hong},
  booktitle={IEEE 10th INTERNATIONAL CONFERENCE ON SIGNAL PROCESSING PROCEEDINGS},
  pages={2332--2335},
  year={2010},
  organization={IEEE}
}

@inproceedings{moriyama2004study,
  title={A study on extraction of urban areas from polarimetric synthetic aperture radar image},
  author={Moriyama, Toshifumi and Uratsuka, Seiho and Umehara, Toshihiko and Satake, Makoto and Nadai, Akitsugu and Maeno, Hideo and Nakamura, Kazuki and Yamaguchi, Yoshio},
  booktitle={IGARSS 2004. 2004 IEEE International Geoscience and Remote Sensing Symposium},
  volume={1},
  year={2004},
  organization={IEEE}
}

@inproceedings{Duskunovic2000urban,
Author = {Duskunovic, I and Heene, G and Philips, W and Bruyland, I},
Editor = {{Stein, TI}},
Title = {{Urban area detection in SAR imagery using a new speckle reduction
   technique and Markov random field texture classification}},
Booktitle = {{IGARSS 2000: IEEE 2000 INTERNATIONAL GEOSCIENCE AND REMOTE SENSING
   SYMPOSIUM, VOL I - VI, PROCEEDINGS}},
Series = {{IEEE International Symposium on Geoscience and Remote Sensing (IGARSS)}},
Year = {{2000}},
Pages = {{636-638}},
Note = {{IEEE International Geoscience and Remote Sensing Symposium, HONOLULU,
   HI, JUL 24-28, 2000}},
Organization = {{IEEE; IEEE Geosci \& Remote Sensing Soc; NASA; NOAA; USN, Off Res; Nat
   Resources Canada; Canadian Space Agcy; Natl Space Dev Agcy Japan; Int
   Union Radio Sci}},
ISBN = {{0-7803-6359-0}},
Unique-ID = {{ISI:000172046000210}},
}

@article{he2006adaptive,
  title={An adaptive and iterative method of urban area extraction from SAR images},
  author={He, Chu and Xia, G-S and Sun, Hong},
  journal={IEEE Geoscience and Remote Sensing Letters},
  volume={3},
  number={4},
  pages={504--507},
  year={2006},
  publisher={IEEE}
}

@article{canty2020statistical,
  title={Statistical Analysis of Changes in Sentinel-1 Time Series on the Google Earth Engine},
  author={Canty, Morton J and Nielsen, Allan A and Conradsen, Knut and Skriver, Henning},
  journal={Remote Sensing},
  volume={12},
  number={1},
  pages={46},
  year={2020},
  publisher={Multidisciplinary Digital Publishing Institute}
}

@incollection{dell2010rapid,
  title={Rapid mapping using airborne and satellite SAR images},
  author={Dell’Acqua, Fabio and Gamba, Paolo},
  booktitle={Radar Remote Sensing of Urban Areas},
  pages={49--68},
  year={2010},
  publisher={Springer}
}

@article{yamaguchi2011four,
  title={Four-component scattering power decomposition with rotation of coherency matrix},
  author={Yamaguchi, Yoshio and Sato, Akinobu and Boerner, Wolfgang-Martin and Sato, Ryoichi and Yamada, Hiroyoshi},
  journal={IEEE Transactions on Geoscience and Remote Sensing},
  volume={49},
  number={6},
  pages={2251--2258},
  year={2011},
  publisher={IEEE}
}

@inproceedings{benelcadi2014using,
  title={Using texture from high resolution terrasar-x images for tropical forest mapping},
  author={Benelcadi, Hajar and Frison, P-L and Lardeux, C{\'e}dric and Mercier, Gr{\'e}goire and Rudant, J-P},
  booktitle={2014 IEEE Geoscience and Remote Sensing Symposium},
  pages={2328--2331},
  year={2014},
  organization={IEEE}
}

@article{solberg1997texture,
  title={Texture fusion and feature selection applied to SAR imagery},
  author={Solberg, AH Schistad and Jain, Anil K},
  journal={IEEE Transactions on Geoscience and Remote Sensing},
  volume={35},
  number={2},
  pages={475--479},
  year={1997},
  publisher={IEEE}
}

@inproceedings{treitz1996textural,
  title={Textural processing of multi-polarization SAR for agricultural crop classification},
  author={Treitz, Paul M and Howarth, PJ and Soulis, ED and others},
  booktitle={IGARSS'96. 1996 International Geoscience and Remote Sensing Symposium},
  volume={4},
  pages={1986--1988},
  year={1996},
  organization={IEEE}
}

@inproceedings{cazals2015contribution,
  title={Contribution of textural information from TerraSAR-X image for forest mapping},
  author={Cazals, C{\'e}cile and Benelcadi, Hajar and Frison, P-L and Mercier, Gr{\'e}goire and Lardeux, C{\'e}dric and Chehata, Nesrine and Champion, Isabelle and Rudant, J-P},
  booktitle={2015 IEEE International Geoscience and Remote Sensing Symposium (IGARSS)},
  pages={549--552},
  year={2015},
  organization={IEEE}
}

@article{dell2006discriminating,
  title={Discriminating urban environments using multiscale texture and multiple SAR images},
  author={Dell'Acqua, Fabio and Gamba, Paolo},
  journal={International Journal of Remote Sensing},
  volume={27},
  number={18},
  pages={3797--3812},
  year={2006},
  publisher={Taylor \& Francis}
}

@article{kandaswamy2005efficient,
  title={Efficient texture analysis of SAR imagery},
  author={Kandaswamy, Umasankar and Adjeroh, Donald A and Lee, Moon-Chuen},
  journal={IEEE Transactions on Geoscience and Remote Sensing},
  volume={43},
  number={9},
  pages={2075--2083},
  year={2005},
  publisher={IEEE}
}

@article{ulaby1986textural,
  title={Textural infornation in SAR images},
  author={Ulaby, Fawwaz T and Kouyate, F and Brisco, B and Williams, TH Lee},
  journal={IEEE Transactions on Geoscience and Remote Sensing},
  number={2},
  pages={235--245},
  year={1986},
  publisher={IEEE}
}

@article{dekker2003texture,
  title={Texture analysis and classification of ERS SAR images for map updating of urban areas in the Netherlands},
  author={Dekker, Rob J},
  journal={IEEE Transactions on Geoscience and Remote Sensing},
  volume={41},
  number={9},
  pages={1950--1958},
  year={2003},
  publisher={IEEE}
}

@article{soh1999texture,
  title={Texture analysis of SAR sea ice imagery using gray level co-occurrence matrices},
  author={Soh, L-K and Tsatsoulis, Costas},
  journal={IEEE Transactions on geoscience and remote sensing},
  volume={37},
  number={2},
  pages={780--795},
  year={1999},
  publisher={IEEE}
}

@article{dell2003texture,
  title={Texture-based characterization of urban environments on satellite SAR images},
  author={Dell'Acqua, Fabio and Gamba, Paolo},
  journal={IEEE Transactions on Geoscience and Remote Sensing},
  volume={41},
  number={1},
  pages={153--159},
  year={2003},
  publisher={IEEE}
}

@article{garcia2009using,
  title={Using SAR images to delineate ocean oil slicks with a texture-classifying neural network algorithm (TCNNA)},
  author={Garcia-Pineda, Oscar and Zimmer, Beate and Howard, Matt and Pichel, William and Li, Xiaofeng and MacDonald, Ian R},
  journal={Canadian Journal of Remote Sensing},
  volume={35},
  number={5},
  pages={411--421},
  year={2009},
  publisher={Taylor \& Francis}
}

@article{Ngo2020land,
	title = "Land cover mapping of the Mekong Delta to support natural resource management with multi-temporal Sentinel-1A synthetic aperture radar imagery",
	journal = "Remote Sensing Applications: Society and Environment",
	volume = "17",
	pages = "100272",
	year = "2020",
	issn = "2352-9385",
	doi = "https://doi.org/10.1016/j.rsase.2019.100272",
	url = "http://www.sciencedirect.com/science/article/pii/S2352938518302842",
	author = "Khanh Duc Ngo and Alex M. Lechner and Tuong Thuy Vu",
	keywords = "Multi-temporal Sentinel-1A SAR, Mekong delta land cover mapping, Support vector machines, Random forest"
}