% Encoding: ISO-8859-1
@article{zunino2016discriminating,
  title={Discriminating image textures with the multiscale two-dimensional complexity-entropy causality plane},
  author={L. Zunino and H.V. Ribeiro},
  journal={Chaos, Solitons \& Fractals},
  volume={91},
  pages={679--688},
  year={2016},
  publisher={Elsevier},
  doi = {10.1016/j.chaos.2016.09.005}
}

@article{Lee1994Texture,
 author = {Lee, Jia-Hong and Hsueh, Yuang-Cheh},
 title = {Texture Classification Method Using Multiple Space Filling Curves},
 journal = {Pattern Recogn. Lett.},
 issue_date = {Dec. 1994},
 volume = {15},
 number = {12},
 month = dec,
 year = {1994},
 issn = {0167-8655},
 pages = {1241--1244},
 numpages = {4},
 url = {http://dx.doi.org/10.1016/0167-8655(94)90114-7},
 doi = {10.1016/0167-8655(94)90114-7},
 acmid = {213783},
 publisher = {Elsevier Science Inc.},
 address = {New York, NY, USA},
 keywords = {space filling curves, texture classification},
} 


@article{ribeiro2012complexity,
  title={Complexity-entropy causality plane as a complexity measure for two-dimensional patterns},
  author={H. V. Ribeiro and L. Zunino and E. K. Lenzi and P. A. Santoro and R. S. Mendes},
  journal={PloS one},
  volume={7},
  number={8},
  pages={e40689},
  year={2012},
  publisher={Public Library of Science},
  doi = {10.1371/journal.pone.0040689 }
}

@article{sigaki2019estimating,
  title={Estimating physical properties from liquid crystal textures via machine learning and complexity-entropy methods},
  author={H. Y. D. Sigaki and R. F. de Souza and R. T. de Souza and R. S. Zola and H. V. Ribeiro},
  journal={Physical Review E},
  volume={99},
  number={1},
  pages={013311},
  year={2019},
  publisher={APS},
  doi = {10.1103/PhysRevE.99.013311 }
}

@article{brazhe2018shearlet,
  title={Shearlet-based measures of entropy and complexity for two-dimensional patterns},
  author={A. Brazhe},
  journal={Physical Review E},
  volume={97},
  number={6},
  pages={061301},
  year={2018},
  publisher={APS},
  doi = {10.1103/PhysRevE.97.061301 }
}

@inproceedings{antonelli2017permutation,
  title={Permutation entropy: Texture characterization in images},
  author={A. P. Antonelli and G. J. Meschino and V. L. Ballarin},
  booktitle={2017 XVII Workshop on Information Processing and Control (RPIC)},
  pages={1--7},
  year={2017},
  organization={IEEE},
  doi = {10.23919/RPIC.2017.8211650}
}

@Article{HistoryofArtPaintingsthroughtheLensofEntropyandComplexity2018,
  author    = {Higor Y. D. Sigaki and Matja{\v{z}} Perc and Haroldo V. Ribeiro},
  journal   = {Proceedings of the National Academy of Sciences},
  pages     = {E8585--E8594},
  title     = {History of art paintings through the lens of entropy and complexity},
  volume    = {115},
  year      = {2018},
  number    = {37},
  month     = {aug},
  doi       = {10.1073/pnas.1800083115},
  publisher = {Proceedings of the National Academy of Sciences},
}

@Comment{jabref-meta: databaseType:bibtex;}
