@Book{Dover1966Textures,
  title     = {Textures: A Photographic Album for Artists and Designers},
  publisher = {Dover Publications},
  year      = {1966},
  author    = {P. Brodatz},
  address   = {New York},
}

@Article{Higor2018History,
  author    = {Higor Y. D. Sigaki and Matja{\v{z}} Perc and Haroldo V. Ribeiro},
  journal   = {Proceedings of the National Academy of Sciences},
  pages     = {E8585--E8594},
  title     = {History of art paintings through the lens of entropy and complexity},
  volume    = {115},
  year      = {2018},
  number    = {37},
  month     = {aug},
  doi       = {10.1073/pnas.1800083115},
  publisher = {Proceedings of the National Academy of Sciences},
}

@Article{He1991Spectrum,
  author    = {D.-C. He and L. Wang},
  journal   = {Pattern Recognition},
  pages     = {391--399},
  title     = {Texture features based on texture spectrum},
  volume    = {24},
  year      = {1991},
  number    = {5},
  month     = {jan},
  doi       = {10.1016/0031-3203(91)90052-7},
  publisher = {Elsevier {BV}},
}

@article{Lee1994Texture,
title = "Texture classification method using multiple space filling curves",
journal = "Pattern Recognition Letters",
volume = "15",
number = "12",
pages = "1241 - 1244",
year = "1994",
issn = "0167-8655",
doi = "https://doi.org/10.1016/0167-8655(94)90114-7",
url = "http://www.sciencedirect.com/science/article/pii/0167865594901147",
author = "Jia-Hong Lee and Yuang-Cheh Hsueh",
keywords = "Texture classification, Space filling curves",
abstract = "Texture analysis by using the Peano curve does not provide sufficient discriminatory power to classify natural textures. An improved method by simultaneously using several space filling curves to the texture analysis and classification is proposed."
}

@Book{Brodatz1996Textures,
  title     = {Textures: A Photographic Album for Artists and Designers},
  publisher = {Dover Publications},
  year      = {1966},
  author    = {P. Brodatz},
  address   = {New York}
}

@article{Sarkar1995Multifractal,
title = "Multifractal and generalized dimensions of gray-tone digital images",
journal = "Signal Processing",
volume = "42",
number = "2",
pages = "181 - 190",
year = "1995",
issn = "0165-1684",
doi = "https://doi.org/10.1016/0165-1684(94)00126-K",
url = "http://www.sciencedirect.com/science/article/pii/016516849400126K",
author = "Nirupam Sarkar and B.B. Chaudhuri",
keywords = "Fractal, Multifractal, Texture analysis, Generalized dimension, Box counting approach, Feature extraction"
}

@article{Lee2010Robust,
title = "A robust algorithm for the fractal dimension of images and its applications to the classification of natural images and ultrasonic liver images",
journal = "Signal Processing",
volume = "90",
number = "6",
pages = "1894 - 1904",
year = "2010",
issn = "0165-1684",
doi = "https://doi.org/10.1016/j.sigpro.2009.12.010",
url = "http://www.sciencedirect.com/science/article/pii/S0165168409005210",
author = "Wen-Li Lee and Kai-Sheng Hsieh",
keywords = "Fractal dimension, Box-counting, Wavelet transform, Multiresolution analysis, Pattern recognition"
}

@article{Florindo2012Fractal,
title = "Fractal descriptors based on Fourier spectrum applied to texture analysis",
journal = "Physica A: Statistical Mechanics and its Applications",
volume = "391",
number = "20",
pages = "4909 - 4922",
year = "2012",
issn = "0378-4371",
doi = "https://doi.org/10.1016/j.physa.2012.03.039",
url = "http://www.sciencedirect.com/science/article/pii/S0378437112002919",
author = "João Batista Florindo and Odemir Martinez Bruno",
keywords = "Fractal descriptors, Fractal dimension, Fractal multiscale, Fourier spectrum"
}

@article{Goncalves2014Texture,
title = "Texture descriptor combining fractal dimension and artificial crawlers",
journal = "Physica A: Statistical Mechanics and its Applications",
volume = "395",
pages = "358 - 370",
year = "2014",
issn = "0378-4371",
doi = "https://doi.org/10.1016/j.physa.2013.10.011",
url = "http://www.sciencedirect.com/science/article/pii/S0378437113009825",
author = "Wesley Nunes Gonçalves and Bruno Brandoli Machado and Odemir Martinez Bruno",
keywords = "Fractal dimension, Artificial crawler, Texture analysis"
}

@article{Oliveira2015Feature,
title = "Feature extraction on local jet space for texture classification",
journal = "Physica A: Statistical Mechanics and its Applications",
volume = "439",
pages = "160 - 170",
year = "2015",
issn = "0378-4371",
doi = "https://doi.org/10.1016/j.physa.2015.06.046",
url = "http://www.sciencedirect.com/science/article/pii/S0378437115006068",
author = "Marcos William da Silva Oliveira and Núbia Rosa da Silva and Antoine Manzanera and Odemir Martinez Bruno",
keywords = "Local jet space, Pattern recognition, Texture, Image analysis"
}

@article{Davarzani2015Scale,
title = "Scale- and rotation-invariant texture description with improved local binary pattern features",
journal = "Signal Processing",
volume = "111",
pages = "274 - 293",
year = "2015",
issn = "0165-1684",
doi = "https://doi.org/10.1016/j.sigpro.2014.11.005",
url = "http://www.sciencedirect.com/science/article/pii/S0165168414005076",
author = "Reza Davarzani and Saeed Mozaffari and Khashayar Yaghmaie",
keywords = "Blob-like structures, Local binary patterns, Orientation assignment, Scale-space theory, Texture analysis"
}

@article{zunino2016discriminating,
  title={Discriminating image textures with the multiscale two-dimensional complexity-entropy causality plane},
  author={L. Zunino and H.V. Ribeiro},
  journal={Chaos, Solitons \& Fractals},
  volume={91},
  pages={679--688},
  year={2016},
  publisher={Elsevier},
  doi = {10.1016/j.chaos.2016.09.005}
}

@inproceedings{Nguyen1982SpaceFC,
  title={Space filling curves and texture analysis},
  author={Phu Thien Nguyen and Joel Quinqueton},
  year={1982}
}

@article{Bandt2002Permutation,
author = {Bandt, C. and Pompe, B.},
year = {2002},
month = {05},
pages = {174102},
title = {Permutation Entropy: A Natural Complexity Measure for Time Series},
volume = {88},
journal = {Physical review letters}
}

@article{Memon2000Scanning,
author = {Memon, Nasir and L. Neuhoff, David and Shende, Shivaji},
year = {2000},
month = {12},
pages = {1837 - 1848},
title = {An analysis of scanning techniques for lossless image coding},
volume = {9},
journal = {Image Processing, IEEE Transactions on},
doi = {10.1109/83.877207}
}

@book{Gray1990Entropy,
 author = {Gray, R. M.},
 title = {Entropy and Information Theory},
 year = {1990},
 isbn = {0-387-97371-0},
 publisher = {Springer-Verlag},
 address = {Berlin, Heidelberg},
} 

@inproceedings{Ester1996DBSCAN,
 author = {Ester, Martin and Kriegel, Hans-Peter and Sander, J\"{o}rg and Xu, Xiaowei},
 title = {A Density-based Algorithm for Discovering Clusters a Density-based Algorithm for Discovering Clusters in Large Spatial Databases with Noise},
 booktitle = {Proceedings of the Second International Conference on Knowledge Discovery and Data Mining},
 series = {KDD'96},
 year = {1996},
 location = {Portland, Oregon},
 pages = {226--231},
 numpages = {6},
 url = {http://dl.acm.org/citation.cfm?id=3001460.3001507},
 acmid = {3001507},
 publisher = {AAAI Press},
 keywords = {arbitrary shape of clusters, clustering algorithms, efficiency on large spatial databases, handling nlj4-275oise},
} 

@article{Ghosh2013Ladar,
author = {Ghosh, Suddhasheel and Lohani, Bharat},
year = {2013},
month = {07},
pages = {5119-5135},
title = {Mining lidar data with spatial clustering algorithms},
volume = {34},
journal = {International Journal of Remote Sensing},
doi = {10.1080/01431161.2013.787499}
}
