% Gray level co-ocurrence matrix
@article{ulaby1986textural,
  title={Textural infornation in SAR images},
  author={F. T. Ulaby and F. Kouyate and B. Brisco and T. H. L. Williams},
  journal={IEEE Transactions on Geoscience and Remote Sensing},
  number={2},
  pages={235--245},
  year={1986},
  publisher={IEEE},
  doi = {10.1109/TGRS.1986.289643}
}

%  Grey level run length, texture spectrum, power spectrum, fractal dimension, co-occurrence matrix
@article{rajesh2001performance,
  title={Performance analysis of textural features for characterization and classification of SAR images},
  author={K. Rajesh and C. V. Jawahar and S. Sengupta and S. Sinha},
  journal={International Journal of Remote Sensing},
  volume={22},
  number={8},
  pages={1555--1569},
  year={2001},
  publisher={Taylor \& Francis},
  doi = {10.1080/01431160152027656}
}

% Gray level co-ocurrence matrix, support vector machine
@inproceedings{de2008texture,
  title={Texture analysis and its application for single-band SAR thematic information extraction},
  author={H. De-yong and L. Xiao-juan and Z. Wen-ji and G. Hui-li},
  booktitle={IGARSS 2008-2008 IEEE International Geoscience and Remote Sensing Symposium},
  volume={2},
  pages={II--935},
  year={2008},
  organization={IEEE},
  doi ={10.1109/igarss.2008.4779149}
}

% Gray level co-occurrence matrix, gray level run length matrix, principal component analysis, 
@incollection{singh2011sar,
  title={SAR Image Classification Using PCA and Texture Analysis},
  author={M. Singh and G. Kaur},
  booktitle={Information Technology and Mobile Communication},
  pages={435--439},
  year={2011},
  publisher={Springer},
  doi ={10.1007/978-3-642-20573-6_78}
}

% Gray co-ocurrence
@article{pingxiang2003sar,
  title={SAR image classification based on its texture features},
  author={L. Pingxiang and F. Shenghui},
  journal={Geo-spatial Information Science},
  volume={6},
  number={3},
  pages={16--19},
  year={2003},
  publisher={Taylor \& Francis},
  doi = {10.1007/bf02826887}
}

% Multiple-component scattering model, support vector machine 
@article{zhang2009classification,
  title={Classification of polarimetric SAR image based on support vector machine using multiple-component scattering model and texture features},
  author={L. Zhang and B. Zou and J. Zhang and Y. Zhang},
  journal={EURASIP Journal on Advances in Signal Processing},
  volume={2010},
  number={1},
  pages={960831},
  year={2009},
  publisher={Springer},
  doi = {10.1155/2010/960831}
}

% Histogram measures 
@inproceedings{kumar2015texture,
  title={Texture analysis and classification of polarimetric SAR images using histogram measures},
  author={S. Kumar and N. Melkani and N. Awasthi and R. Prakash},
  booktitle={2015 2nd International Conference on Signal Processing and Integrated Networks (SPIN)},
  pages={506--511},
  year={2015},
  organization={IEEE},
  doi = {10.1109/spin.2015.7095365}
}

% Stationary wavelet transform
@inproceedings{chumsamrong1999wavelet,
  title={Wavelet-based texture analysis for SAR image classification},
  author={W. Chumsamrong and P. Thitimajshima and Y. Rangsanseri},
  booktitle={IEEE 1999 International Geoscience and Remote Sensing Symposium. IGARSS'99 (Cat. No. 99CH36293)},
  volume={3},
  pages={1564--1566},
  year={1999},
  organization={IEEE},
  doi = {10.1109/igarss.1999.772020}
}

% Gray level co-ocurrence matrix, fractal dimension
@inproceedings{liew1995texture,
  title={Texture analysis of SAR images},
  author={S. C. Liew and H. Lim and L. K. Kwoh and G. K. Tay},
  booktitle={1995 International Geoscience and Remote Sensing Symposium, IGARSS'95. Quantitative Remote Sensing for Science and Applications},
  volume={2},
  pages={1412--1414},
  year={1995},
  organization={IEEE},
  doi = {10.1109/IGARSS.1995.521765}
}

%Gray level co-ocurrence matrix, Gabor filters, Canonical correlation analysis, Support vector machine
@inproceedings{ismail2014sar,
  title={SAR image classification based on texture feature fusion},
  author={A. S. Ismail and X. Gao and C. Deng},
  booktitle={2014 IEEE China Summit \& International Conference on Signal and Information Processing (ChinaSIP)},
  pages={153--156},
  year={2014},
  organization={IEEE},
  doi = {10.1109/chinasip.2014.6889221}
}

% Wavelet Polarization
@article{he2013texture,
  title={Texture classification of PolSAR data based on sparse coding of wavelet polarization textons},
  author={C. He and S. Li and Z. Liao and M. Liao},
  journal={IEEE Transactions on Geoscience and Remote Sensing},
  volume={51},
  number={8},
  pages={4576--4590},
  year={2013},
  publisher={IEEE},
  doi = {10.1109/tgrs.2012.2236338}
}

% Morphological technique
@article{li1998classification,
  title={Classification of SAR images using morphological texture features},
  author={W. Li},
  journal={International Journal of Remote Sensing},
  volume={19},
  number={17},
  pages={3399--3410},
  year={1998},
  publisher={Taylor \& Francis},
  doi = {10.1080/014311698214064}
}
