@Article{Sigaki2018History,
  author    = {Higor Y. D. Sigaki and Matja{\v{z}} Perc and Haroldo V. Ribeiro},
  journal   = {Proceedings of the National Academy of Sciences},
  pages     = {E8585--E8594},
  title     = {History of art paintings through the lens of entropy and complexity},
  volume    = {115},
  year      = {2018},
  number    = {37},
  month     = {aug},
  doi       = {10.1073/pnas.1800083115},
  publisher = {Proceedings of the National Academy of Sciences},
}


@Article{He1991Texture,
  author    = {D.-C. He and L. Wang},
  journal   = {Pattern Recognition},
  pages     = {391--399},
  title     = {Texture features based on texture spectrum},
  volume    = {24},
  year      = {1991},
  number    = {5},
  month     = {jan},
  doi       = {10.1016/0031-3203(91)90052-7},
  publisher = {Elsevier {BV}},
}


@article{Bandt2002Permutation,
author = {Bandt, C. and Pompe, B.},
year = {2002},
month = {05},
pages = {174102},
title = {Permutation Entropy: A Natural Complexity Measure for Time Series},
volume = {88},
journal = {Physical review letters}
}

@article{Larrondo2006Random,
title = "Random number generators and causality",
journal = "Physics Letters A",
volume = "352",
number = "4",
pages = "421 - 425",
year = "2006",
issn = "0375-9601",
doi = "https://doi.org/10.1016/j.physleta.2005.12.009",
url = "http://www.sciencedirect.com/science/article/pii/S0375960105018232",
author = "H.A. Larrondo and M.T. Martín and C.M. González and A. Plastino and O.A. Rosso",
keywords = "Random number generators, Statistical complexity",
abstract = "We advance a prescription to randomize physical or algorithmic Random Number Generators (RNG's) that do not pass Marsaglia's DIEHARD test suite and discuss a special physical quantifier, based on an intensive statistical complexity measure, that is able to adequately assess the improvements produced thereby. Eight RNG's are evaluated and the associated results are compared to those obtained by recourse to Marsaglia's DIEHARD test suite. Our quantifier, which is evaluated using causality arguments, can forecast whether a given RNG will pass the above mentioned test."
}

@Article{Ravetti2014noise,
    Title                     = {Distinguishing noise from chaos: objective versus subjective criteria using {H}orizontal {V}isibility {G}raph},
    Author                   = {M. G. Ravetti and L. C. Carpi and B. A. Gon{\c c}alves and A. C. Frery and O. A. Rosso},
    Journal                  = {PLOS ONE},
    Pages                    = {1--15},
    Volume                   = {9},
    Year                     = {2014},
    Number                   = {9},
     
    Doi                      = {10.1371/journal.pone.0108004},
    File                     = {DistinguishingNoiseFromChaos.pdf:rdt_pdf/DistinguishingNoiseFromChaos.pdf:PDF}
} 

@article{Fadlallah2013Weightedpermutation,
  title={Weighted-permutation entropy: a complexity measure for time series incorporating amplitude information.},
  author={Bilal H. Fadlallah and Badong Chen and Andreas Keil and Jos{\'e} Carlos Pr{\'i}ncipe},
  journal={Physical review. E, Statistical, nonlinear, and soft matter physics},
  year={2013},
  volume={87 2},
  pages={
          022911
        }
}

@article{McCullough2015lagged,
author = {McCullough,Michael  and Small,Michael  and Stemler,Thomas  and Iu,Herbert Ho-Ching },
title = {Time lagged ordinal partition networks for capturing dynamics of continuous dynamical systems},
journal = {Chaos: An Interdisciplinary Journal of Nonlinear Science},
volume = {25},
number = {5},
pages = {053101},
year = {2015},
doi = {10.1063/1.4919075},
URL = { https://doi.org/10.1063/1.4919075},
eprint = { https://doi.org/10.1063/1.4919075}
}

@article{Kulp2016ordinal,
author = {Kulp,Christopher W.  and Chobot,Jeremy M.  and Freitas,Helena R.  and Sprechini,Gene D. },
title = {Using ordinal partition transition networks to analyze ECG data},
journal = {Chaos: An Interdisciplinary Journal of Nonlinear Science},
volume = {26},
number = {7},
pages = {073114},
year = {2016},
doi = {10.1063/1.4959537},
URL = { https://doi.org/10.1063/1.4959537},
eprint = { https://doi.org/10.1063/1.4959537}
}

@article{Sorrentino2015periodic,
author = {Sorrentino, Taciano and Quintero-Quiroz, Carlos and Aragoneses, Andres and Torrent, M.C. and Masoller, Cristina},
year = {2015},
month = {02},
pages = {},
title = {Effects of periodic forcing on the temporally correlated spikes of a semiconductor laser with feedback},
volume = {23},
journal = {Optics Express},
doi = {10.1364/OE.23.005571}
}

@article{Lee1994Texture,
title = "Texture classification method using multiple space filling curves",
journal = "Pattern Recognition Letters",
volume = "15",
number = "12",
pages = "1241 - 1244",
year = "1994",
issn = "0167-8655",
doi = "https://doi.org/10.1016/0167-8655(94)90114-7",
url = "http://www.sciencedirect.com/science/article/pii/0167865594901147",
author = "Jia-Hong Lee and Yuang-Cheh Hsueh",
keywords = "Texture classification, Space filling curves",
abstract = "Texture analysis by using the Peano curve does not provide sufficient discriminatory power to classify natural textures. An improved method by simultaneously using several space filling curves to the texture analysis and classification is proposed."
}

@inproceedings{Zhang2017ConstructingOP,
  title={Constructing ordinal partition transition networks from multivariate time series},
  author={Jiayang Zhang and Jie Zhou and Ming Tang and Heng Guo and Michael Small and Yong Zou},
  booktitle={Scientific Reports},
  year={2017}
}

@book{Gray1990Entropy,
 author = {Gray, R. M.},
 title = {Entropy and Information Theory},
 year = {1990},
 isbn = {0-387-97371-0},
 publisher = {Springer-Verlag},
 address = {Berlin, Heidelberg},
} 

@article{Feldman2008information,
author = {Feldman, D. P.  and McTague, C. S.  and Crutchfield, J. P. },
title = {The organization of intrinsic computation: Complexity-entropy diagrams and the diversity of natural information processing},
journal = {Chaos: An Interdisciplinary Journal of Nonlinear Science},
volume = {18},
number = {4},
pages = {043106},
year = {2008},
doi = {10.1063/1.2991106},
URL = { https://doi.org/10.1063/1.2991106}
}

@article{Feldman1998Statistical,
title = "Measures of statistical complexity: Why?",
journal = "Physics Letters A",
volume = "238",
number = "4",
pages = "244--252",
year = "1998",
issn = "0375-9601",
doi = "https://doi.org/10.1016/S0375-9601(97)00855-4",
url = "http://www.sciencedirect.com/science/article/pii/S0375960197008554",
author = "D. P. Feldman and J. P. Crutchfield",
keywords = "Statistical complexity, Excess entropy, Mutual information, Shannon entropy, Kolmogorov complexity"
}

@article{Lopez1995statistical,
title = "A statistical measure of complexity",
journal = "Physics Letters A",
volume = "209",
number = "5",
pages = "321 - 326",
year = "1995",
issn = "0375-9601",
doi = "https://doi.org/10.1016/0375-9601(95)00867-5",
url = "http://www.sciencedirect.com/science/article/pii/0375960195008675",
author = "R. L\'opez-Ruiz and H. L. Mancini and X. Calbet"
}

@inproceedings{Nguyen1982SpaceFC,
  title={Space filling curves and texture analysis},
  author={Phu Thien Nguyen and Joel Quinqueton},
  year={1982}
}