@article{Bandt2002Permutation,
author = {Bandt, C. and Pompe, B.},
year = {2002},
month = {05},
pages = {174102},
title = {Permutation Entropy: A Natural Complexity Measure for Time Series},
volume = {88},
journal = {Physical review letters}
}